@misc{torres_2006,
  author={Torres, Gabriel},
  title={Como Conversores Analógico/Digital Funcionam - Clube do Hardware},
  url={http://www.clubedohardware.com.br/artigos/como-conversores-analogico-digital-funcionam/1307},
  urldate={2015-9-26},
  journal={Clubedohardware.com.br},
  year={2006}
}
@misc{devagil,
  author={Torres, Gabriel},
  title={SCRUM},
  url={http://www.desenvolvimentoagil.com.br/scrum/},
  urldate={2015-9-26},
  journal={Clubedohardware.com.br},
  year={2004}
}
@article{scrumineng,
  author={REYNISD{\'O}TTIR, {\TH}{\'O}RD{\'I}S},
  title={Scrum in Mechanical Product Development},
  url={http://publications.lib.chalmers.se/records/fulltext/191951/191951.pdf},
  urldate={2015-9-21},
  journal={Chalmers},
  year={2003}
}
@misc{LM35,
  author={Texas Instruments},
  title={LM35: Precision Centigrade Temperature Sensors},
  howpublished = "\url{http://www.ti.com/lit/ds/symlink/lm35.pdf}",
  publisher={Texas Instruments},
  year={2015}
}
@misc{LM3914,
  author={Texas Instruments},
  title={LM3914: Dot/Bar Display Driver},
  howpublished = "\url{http://www.ti.com/lit/ds/symlink/lm3914.pdf}",
  publisher={Texas Instruments},
  year={2013}
}
@misc{HMC5883L,
  author={Honeywell International},
  title={HMC5883L: 3-Axis Digital Compass IC},
  howpublished = "\url{http://www51.honeywell.com/aero/common/documents/myaerospacecatalog-documents/Defense_Brochures-documents/HMC5883L_3-Axis_Digital_Compass_IC.pdf}",
  publisher={Honeywell International},
  year={2013}
}
@misc{L3G4200D,
  author={STMicroelectronics},
  title={L3G4200D: MEMS motion sensor: ultra-stable three-axis digital output gyroscope},
  howpublished = "\url{http://www.st.com/web/en/resource/technical/document/datasheet/CD00265057.pdf}",
  publisher={STMicroelectronics},
  year={2010}
}
@misc{ADXL345,
  author={Analog Devices},
  title={ADXL345: Digital Accelerometer},
  howpublished = "\url{http://www.analog.com/media/en/technical-documentation/data-sheets/ADXL345.pdf}",
  publisher={Analog Devices},
  year={2009}
}
@misc{BMP085,
  author={D-Robotics},
  title={BMP085: Humidity \& Temperature Sensor},
  howpublished = "\url{http://www.micropik.com/PDF/dht11.pdf}",
  publisher={D-Robotics},
  year={2010}
}
@book{etkin2012dynamics,
  title={Dynamics of atmospheric flight},
  author={Etkin, Bernard},
  year={2012},
  publisher={Courier Corporation}
}
@misc{clyde,
  author={Clyde Space},
  title={Small Satellite Reaction Wheels},
  url={http://www.clyde-space.com/products/reaction_wheels},
  urldate={2015-9-23},
  year={2013}
}
@misc{circuitar_2013,
  author={Circuitar Eletrônicos},
  title={ADC - Conversor analógico-digital de 4 canais},
  url={https://www.circuitar.com.br/nanoshields/modulos/adc/},
  urldate={2015-9-22},
  year={2013}
}
@article{prado2009,
  title={Implementa{\c{c}}{\~a}o de um controlador PID embarcado para o controle em malha fechada de um estimulador neuromuscular funcional},
  author={Prado, Thiago Alexandre},
  url={https://scholar.google.com.br/scholar.bib?q=info:qJvZeTBUW3cJ:scholar.google.com/&output=citation&scisig=AAGBfm0AAAAAVgjLvhJYpAVWJ5ngrbz0g9GDljYKVirG&scisf=4&hl=pt-BR},
  urldate={2015-9-23},
  year={2009},
  publisher={Universidade Estadual Paulista (UNESP)}
}
@article{rucinski2005,
  title={Computa{\c{c}}{\~a}o Reconfigur{\'a}vel Utilizando Processamento Paralelo},
  author={Rucinski, RN and Ferlin, EP},
  journal={Computer Engineering Graduation Thesis), UnicenP, Curitiba-PR-Brazil},
  url={https://scholar.google.com.br/scholar.bib?q=info:aMNmsj-MCaoJ:scholar.google.com/&output=citation&scisig=AAGBfm0AAAAAVgjME6auvdwBbziGu22HZtcvG71pGt8h&scisf=4&hl=pt-BR},
  urldate={2015-9-23},
  year={2005}
}
